@article{Rosenblatt1958,
  author  = {Rosenblatt, Frank},
  title   = {The Perceptron: A Probabilistic Model for Information Storage and Organization in the Brain},
  journal = {Psychological Review},
  year    = {1958},
  volume  = {65},
  number  = {6},
  pages   = {386--408},
  doi     = {10.1037/h0042519}
}

@article{Rumelhart1986,
  author  = {Rumelhart, David E. and Hinton, Geoffrey E. and Williams, Ronald J.},
  title   = {Learning representations by back-propagating errors},
  journal = {Nature},
  year    = {1986},
  volume  = {323},
  number  = {6088},
  pages   = {533--536},
  doi     = {10.1038/323533a0}
}

@article{lecun1998gradient,
  title={Gradient-based learning applied to document recognition},
  author={LeCun, Yann and Bottou, LÃ©on and Bengio, Yoshua and Haffner, Patrick},
  journal={Proceedings of the IEEE},
  volume={86},
  number={11},
  pages={2278--2324},
  year={1998},
  publisher={IEEE},
  doi={10.1109/5.726791}
}

@inproceedings{krizhevsky2012imagenet,
  title={ImageNet classification with deep convolutional neural networks},
  author={Krizhevsky, Alex and Sutskever, Ilya and Hinton, Geoffrey E},
  booktitle={Advances in Neural Information Processing Systems},
  pages={1097--1105},
  year={2012}
}

@article{maaten2008visualizing,
  title={Visualizing data using t-SNE},
  author={van der Maaten, Laurens and Hinton, Geoffrey},
  journal={Journal of Machine Learning Research},
  volume={9},
  number={11},
  pages={2579--2605},
  year={2008}
}

@inproceedings{zeiler2014visualizing,
  title={Visualizing and understanding convolutional networks},
  author={Zeiler, Matthew D and Fergus, Rob},
  booktitle={European Conference on Computer Vision},
  pages={818--833},
  year={2014},
  publisher={Springer}
}

@inproceedings{yosinski2014transferable,
  title={How transferable are features in deep neural networks?},
  author={Yosinski, Jason and Clune, Jeff and Bengio, Yoshua and Lipson, Hod},
  booktitle={Advances in Neural Information Processing Systems},
  pages={3320--3328},
  year={2014}
}

@article{cortes1995support,
  title={Support-vector networks},
  author={Cortes, Corinna and Vapnik, Vladimir},
  journal={Machine Learning},
  volume={20},
  number={3},
  pages={273--297},
  year={1995},
  publisher={Springer}
}

@book{alpaydin2004introduction,
  title={Introduction to Machine Learning},
  author={Alpaydin, Ethem},
  year={2004},
  publisher={MIT Press}
}